@online{ScrumProduct-Backlog,
author = {Kathrin Jungwirth},
title = {Scrum Grundlagen einfach erklärt: Der Product Backlog},
year = {2016},
url = {https://www.inloox.de/unternehmen/blog/artikel/scrum-grundlagen-einfach-erklaert-der-product-backlog/},
OPTsubtitle = {•},
OPTtitleaddon = {•},
OPTlanguage = {•},
OPTversion = {•},
OPTnote = {•},
OPTorganization = {•},
OPTdate = {•},
OPTmonth = {•},
OPTaddendum = {•},
OPTpubstate = {•},
OPTurldate = {2018-01-22},
}

@online{ScrumProduct-Increment,
author = {Mike Cohn},
title = {What Does It Mean to Be Potentially Releasable?},
year = {2018},
url = {https://www.mountaingoatsoftware.com/blog/what-does-it-mean-to-be-potentially-releasable},
OPTsubtitle = {•},
OPTtitleaddon = {•},
OPTlanguage = {•},
OPTversion = {•},
OPTnote = {•},
OPTorganization = {•},
OPTdate = {•},
OPTmonth = {•},
OPTaddendum = {•},
OPTpubstate = {•},
OPTurldate = {2018-01-22},
}

@online{ScrumSprint-Backlog,
author = {Kathrin Jungwirth},
title = {Scrum Grundlagen einfach erklärt: Der Sprint Backlog},
year = {2016},
url = {https://www.inloox.de/unternehmen/blog/artikel/scrum-grundlagen-einfach-erklaert-der-sprint-backlog/},
OPTsubtitle = {•},
OPTtitleaddon = {•},
OPTlanguage = {•},
OPTversion = {•},
OPTnote = {•},
OPTorganization = {•},
OPTdate = {•},
OPTmonth = {},
OPTaddendum = {•},
OPTpubstate = {•},
OPTurldate = {2018-01-24},
}

@online{ScrumProductOwner,
author = {WAS MACHT EIN PRODUCT OWNER?},
title = {WAS MACHT EIN PRODUCT OWNER?},
year = {2016},
url = {https://www.scrum.de/was-macht-product-owner/},
OPTsubtitle = {•},
OPTtitleaddon = {•},
OPTlanguage = {•},
OPTversion = {•},
OPTnote = {•},
OPTorganization = {•},
OPTdate = {•},
OPTmonth = {•},
OPTaddendum = {•},
OPTpubstate = {•},
OPTurldate = {2018-01-24},
}

@online{ScrumScrumMaster,
author = {Melanie Petersen},
title = {Scrum-Master ist man aus Passion},
year = {2017},
url = {https://t3n.de/news/scrum-master-aufgaben-ausbildung-gehalt-800972/},
OPTsubtitle = {•},
OPTtitleaddon = {•},
OPTlanguage = {•},
OPTversion = {•},
OPTnote = {•},
OPTorganization = {•},
OPTdate = {•},
OPTmonth = {•},
OPTaddendum = {•},
OPTpubstate = {•},
OPTurldate = {2018-01-26},
}

@online{ScrumTeam,
author = {Ken Schwaber und Jeff Sutherland},
title = {In aller Kürze: Scrum erklärt in 100 Wörtern.},
year = {2017},
url = {https://www.dasscrumteam.com/de/scrum},
OPTsubtitle = {•},
OPTtitleaddon = {•},
OPTlanguage = {•},
OPTversion = {•},
OPTnote = {•},
OPTorganization = {•},
OPTdate = {•},
OPTmonth = {•},
OPTaddendum = {•},
OPTpubstate = {•},
OPTurldate = {•},
}








